@article {
    fragments,
    title = {Fragments},
    url = {https://developer.android.com/guide/fragments},
    year = {2020}
}

@article {
    viewmodel,
    title = {Viewmodel overview},
    url = {https://developer.android.com/topic/libraries/architecture/viewmodel},
    year = {2020}
}

@article {
    navigation,
    title = {Navigation},
    url = {https://developer.android.com/guide/navigation},
    year = {2020}
}

@article {
    constraint,
    title = {ConstraintLayout},
    url = {https://developer.android.com/reference/androidx/constraintlayout/widget/ConstraintLayout},
    year = {2020}
}

@article {
    imagebutton,
    title = {ImageButton},
    url = {https://developer.android.com/reference/android/widget/ImageButton},
    year = {2020}
}

@article {
    fonts,
    title = {Fonts in XML},
    url = {https://developer.android.com/guide/topics/ui/look-and-feel/fonts-in-xml},
    year = {2020}
}

@article {
    uitest,
    title = {Test UI for a single app},
    url = {https://developer.android.com/training/testing/ui-testing/espresso-testing},
    year = {2020}
}

@article {
    roboto-condensed,
    title = {Roboto Condensed},
    url = {https://fonts.google.com/specimen/Roboto+Condensed},
    year = {2021}
}

@article {
    dmi-api,
    title = {DMI's Offentlige API},
    url = {https://confluence.govcloud.dk/display/FDAPI},
    year = {2021}
}

@article {
    app-bar,
    title = {Regular top app bar},
    url = {https://material.io/components/app-bars-top/android#regular-top-app-bar},
    year = {2021}
}

@article {
    navigation-drawer,
    title = {Navigation Drawer},
    url = {https://material.io/components/navigation-drawer/android},
    year = {2021}
}

@article {
    balloon-library,
    title = {Skydoves - Balloon},
    url = {https://github.com/skydoves/Balloon},
    year = {2021}
}

@article {
    aarstiderne,
    title = {Aarstidernes plante- og s√•-kalender},
    url = {https://issuu.com/aarstiderne\_com/docs/aarstidernes-plante-og-saa-kalender},
    year = {2021}
}

@book {
    nerd,
    title = {Android Programming - The Big Nerd Ranch Guide},
    edition = {4th},
    isbn = {978-0135245125},
    year = {2019}
}

@article {
    coolors,
    title = {Coolors.co},
    url = {https://coolors.co}
}
